<?xml version="1.0" encoding="UTF-8"?><collection xmlns="http://www.loc.gov/MARC21/slim"><record><leader>00348nam--2200121-i-4500</leader><controlfield tag="001">000002470</controlfield><controlfield tag="002">20161230</controlfield><controlfield tag="005">20161230201025</controlfield><controlfield tag="008">060222s1000------------r-----000-0-eng-d</controlfield><datafield ind1=" " ind2=" " tag="245"><subfield code="a">Directory of high-energy radiotherapy centres. 1976 edition</subfield></datafield><datafield ind1=" " ind2=" " tag="260"><subfield code="a">Vienna, International Atomic Energy Agency, 1976</subfield></datafield><datafield ind1=" " ind2=" " tag="490"><subfield code="a">Xxxiv+260p</subfield></datafield><datafield ind1=" " ind2=" " tag="852"><subfield code="a">615.849(061.3)</subfield></datafield></record></collection>